<collection xmlns="http://www.loc.gov/MARC21/slim">
<record>
  <leader>02514cam a22004457i 4500</leader>
  <controlfield tag="001">19351847</controlfield>
  <controlfield tag="005">20200103121252.0</controlfield>
  <controlfield tag="007">co |g||||||a||</controlfield>
  <controlfield tag="008">160504e201512  pe ab    b    000 0 spa c</controlfield>
  <datafield tag="906" ind1=" " ind2=" ">
    <subfield code="a">7</subfield>
    <subfield code="b">cbc</subfield>
    <subfield code="c">pccadap</subfield>
    <subfield code="d">3</subfield>
    <subfield code="e">ncip</subfield>
    <subfield code="f">20</subfield>
    <subfield code="g">y-gencatlg</subfield>
  </datafield>
  <datafield tag="925" ind1="0" ind2=" ">
    <subfield code="a">acquire</subfield>
    <subfield code="b">1 shelf copy</subfield>
    <subfield code="x">policy default</subfield>
  </datafield>
  <datafield tag="955" ind1=" " ind2=" ">
    <subfield code="b">bd19 2016-12-20</subfield>
    <subfield code="b">bc12 2017-09-15 z-processor</subfield>
    <subfield code="i">bc12 2017-09-27 (telework)</subfield>
    <subfield code="e">bc12 2017-10-05 to BCCD (ABAchecked &amp; Labeled)</subfield>
  </datafield>
  <datafield tag="010" ind1=" " ind2=" ">
    <subfield code="a">  2016477660</subfield>
  </datafield>
  <datafield tag="035" ind1=" " ind2=" ">
    <subfield code="a">(OCoLC)ocn958278046</subfield>
  </datafield>
  <datafield tag="040" ind1=" " ind2=" ">
    <subfield code="a">STF</subfield>
    <subfield code="b">eng</subfield>
    <subfield code="c">STF</subfield>
    <subfield code="e">rda</subfield>
    <subfield code="d">OCLCO</subfield>
    <subfield code="d">OCLCF</subfield>
    <subfield code="d">IXA</subfield>
    <subfield code="d">COO</subfield>
    <subfield code="d">DLC</subfield>
  </datafield>
  <datafield tag="043" ind1=" " ind2=" ">
    <subfield code="a">s-pe---</subfield>
  </datafield>
  <datafield tag="050" ind1="0" ind2="0">
    <subfield code="a">S600.64.P4</subfield>
    <subfield code="b">C85 2015</subfield>
  </datafield>
  <datafield tag="245" ind1="0" ind2="4">
    <subfield code="a">Los cultivos de la sierra y el cambio climático andino :</subfield>
    <subfield code="b">vulnerabilidad y fortalezas : siete casos de la sierra centro y sur del Perú /</subfield>
    <subfield code="c">compilación: Silvia Clavijo y Manuel Ruiz ; autores: CCTA, INIA, SPDA.</subfield>
  </datafield>
  <datafield tag="250" ind1=" " ind2=" ">
    <subfield code="a">Primera edición.</subfield>
  </datafield>
  <datafield tag="264" ind1=" " ind2="1">
    <subfield code="a">Lima, Perú :</subfield>
    <subfield code="b">Sociedad Peruana de Derecho Ambiental--SPDA ;</subfield>
    <subfield code="a">Jesús María :</subfield>
    <subfield code="b">Coordinadora en Ciencia y Tecnología en los Andes--CCTA ;</subfield>
    <subfield code="a">Lima, Perú :</subfield>
    <subfield code="b">Instituto Nacional de Innovación Agraria--INIA,</subfield>
    <subfield code="c">diciembre 2015.</subfield>
  </datafield>
  <datafield tag="300" ind1=" " ind2=" ">
    <subfield code="a">66 pages :</subfield>
    <subfield code="b">illustrations (some color), color maps ;</subfield>
    <subfield code="c">19 x 25 cm +</subfield>
    <subfield code="e">1 computer disc (4 3/4 in.)</subfield>
  </datafield>
  <datafield tag="336" ind1=" " ind2=" ">
    <subfield code="a">text</subfield>
    <subfield code="2">rdacontent</subfield>
  </datafield>
  <datafield tag="337" ind1=" " ind2=" ">
    <subfield code="a">unmediated</subfield>
    <subfield code="2">rdamedia</subfield>
    <subfield code="3">volume</subfield>
  </datafield>
  <datafield tag="337" ind1=" " ind2=" ">
    <subfield code="a">computer</subfield>
    <subfield code="2">rdamedia</subfield>
    <subfield code="3">computer disc</subfield>
  </datafield>
  <datafield tag="338" ind1=" " ind2=" ">
    <subfield code="a">volume</subfield>
    <subfield code="2">rdacarrier</subfield>
    <subfield code="3">volume</subfield>
  </datafield>
  <datafield tag="338" ind1=" " ind2=" ">
    <subfield code="a">computer disc</subfield>
    <subfield code="2">rdacarrier</subfield>
    <subfield code="3">computer disc</subfield>
  </datafield>
  <datafield tag="347" ind1=" " ind2=" ">
    <subfield code="a">text file</subfield>
    <subfield code="b">MS Word</subfield>
    <subfield code="b">PDF</subfield>
    <subfield code="2">rda</subfield>
    <subfield code="3">computer disc</subfield>
  </datafield>
  <datafield tag="500" ind1=" " ind2=" ">
    <subfield code="a">&quot;Proyecto &apos;Garantizando la Seguridad Alimentaria y Conservación de Recursos Fitogenéticos por Parte de Agricultores Altoandinos Vulnerables al Cambio Climático en un Centro de Origen y Diversificación&apos;&quot;--Cover.</subfield>
  </datafield>
  <datafield tag="538" ind1=" " ind2=" ">
    <subfield code="a">Disc characteristics of accompanying computer disc: CD-ROM.</subfield>
  </datafield>
  <datafield tag="504" ind1=" " ind2=" ">
    <subfield code="a">Includes bibliographical references (pages 64-65).</subfield>
  </datafield>
  <datafield tag="650" ind1=" " ind2="0">
    <subfield code="a">Crops and climate</subfield>
    <subfield code="z">Peru</subfield>
    <subfield code="v">Case studies.</subfield>
  </datafield>
  <datafield tag="650" ind1=" " ind2="0">
    <subfield code="a">Agrobiodiversity</subfield>
    <subfield code="z">Peru</subfield>
    <subfield code="v">Case studies.</subfield>
  </datafield>
  <datafield tag="650" ind1=" " ind2="0">
    <subfield code="a">Climatic changes</subfield>
    <subfield code="z">Peru</subfield>
    <subfield code="v">Case studies.</subfield>
  </datafield>
  <datafield tag="700" ind1="1" ind2=" ">
    <subfield code="a">Clavijo, Silvia,</subfield>
    <subfield code="e">compiler.</subfield>
  </datafield>
  <datafield tag="700" ind1="1" ind2=" ">
    <subfield code="a">Ruiz, Manuel</subfield>
    <subfield code="c">(Compiler of Cultivos de la sierra y el cambio climático andino),</subfield>
    <subfield code="e">compiler.</subfield>
  </datafield>
  <datafield tag="710" ind1="2" ind2=" ">
    <subfield code="a">Sociedad Peruana de Derecho Ambiental,</subfield>
    <subfield code="e">issuing body.</subfield>
  </datafield>
  <datafield tag="710" ind1="2" ind2=" ">
    <subfield code="a">Coordinadora de Ciencia y Tecnología en los Andes (Peru),</subfield>
    <subfield code="e">issuing body.</subfield>
  </datafield>
  <datafield tag="710" ind1="2" ind2=" ">
    <subfield code="a">Instituto Nacional de Innovación Agropecuaria (Peru),</subfield>
    <subfield code="e">issuing body.</subfield>
  </datafield>
  <datafield tag="923" ind1=" " ind2=" ">
    <subfield code="d">20161007</subfield>
    <subfield code="n">-7525</subfield>
    <subfield code="s">PE-LiEIC</subfield>
  </datafield>
  <datafield tag="985" ind1=" " ind2=" ">
    <subfield code="e">VENDOR LOAD</subfield>
  </datafield>
</record>