
<record>
  <leader>03650cam a22004697i 4500</leader>
  <controlfield tag="001">19352141</controlfield>
  <controlfield tag="005">20200103121254.0</controlfield>
  <controlfield tag="008">160428t20152015ck a     b    001 0 spa c</controlfield>
  <datafield tag="906" ind1=" " ind2=" ">
    <subfield code="a">7</subfield>
    <subfield code="b">cbc</subfield>
    <subfield code="c">pccadap</subfield>
    <subfield code="d">3</subfield>
    <subfield code="e">ncip</subfield>
    <subfield code="f">20</subfield>
    <subfield code="g">y-gencatlg</subfield>
  </datafield>
  <datafield tag="925" ind1="0" ind2=" ">
    <subfield code="a">acquire</subfield>
    <subfield code="b">1 shelf copy</subfield>
    <subfield code="x">policy default</subfield>
  </datafield>
  <datafield tag="955" ind1=" " ind2=" ">
    <subfield code="b">bc12 2017-05-24 z-processor</subfield>
    <subfield code="i">bc12 2017-07-10 (telework)</subfield>
    <subfield code="e">bc12 2017-07-11 to BCCD (ABAchecked &amp; Labeled)</subfield>
  </datafield>
  <datafield tag="955" ind1=" " ind2=" ">
    <subfield code="b">bg12 2017-02-21 to ALAWE/SA</subfield>
  </datafield>
  <datafield tag="010" ind1=" " ind2=" ">
    <subfield code="a">  2016512354</subfield>
  </datafield>
  <datafield tag="020" ind1=" " ind2=" ">
    <subfield code="a">9789587756371</subfield>
  </datafield>
  <datafield tag="020" ind1=" " ind2=" ">
    <subfield code="a">9587756371</subfield>
  </datafield>
  <datafield tag="035" ind1=" " ind2=" ">
    <subfield code="a">(OCoLC)ocn951539752</subfield>
  </datafield>
  <datafield tag="040" ind1=" " ind2=" ">
    <subfield code="a">STF</subfield>
    <subfield code="b">eng</subfield>
    <subfield code="c">STF</subfield>
    <subfield code="e">rda</subfield>
    <subfield code="d">OCLCF</subfield>
    <subfield code="d">FXG</subfield>
    <subfield code="d">DLC</subfield>
  </datafield>
  <datafield tag="043" ind1=" " ind2=" ">
    <subfield code="a">s-ck---</subfield>
  </datafield>
  <datafield tag="050" ind1="0" ind2="0">
    <subfield code="a">GF13.3.C65</subfield>
    <subfield code="b">S46 2015</subfield>
  </datafield>
  <datafield tag="245" ind1="0" ind2="0">
    <subfield code="a">Semillas de historia ambiental /</subfield>
    <subfield code="c">Stefania Gallini, editora.</subfield>
  </datafield>
  <datafield tag="250" ind1=" " ind2=" ">
    <subfield code="a">Primera edición.</subfield>
  </datafield>
  <datafield tag="264" ind1=" " ind2="1">
    <subfield code="a">Bogotá :</subfield>
    <subfield code="b">Jardín Botánico de Bogotá José Celestino Mutis :</subfield>
    <subfield code="b">Universidad Nacional de Colombia, Sede Bogotá, Facultad de Ciencias Humanas, Grupo de Investigación de Cultura y Ambiente, Grupo de Investigación Historia, Ambiente, Política,</subfield>
    <subfield code="c">2015.</subfield>
  </datafield>
  <datafield tag="264" ind1=" " ind2="4">
    <subfield code="c">©2015</subfield>
  </datafield>
  <datafield tag="300" ind1=" " ind2=" ">
    <subfield code="a">413 pages :</subfield>
    <subfield code="b">illustrations (some color) ;</subfield>
    <subfield code="c">23 cm.</subfield>
  </datafield>
  <datafield tag="336" ind1=" " ind2=" ">
    <subfield code="a">text</subfield>
    <subfield code="2">rdacontent</subfield>
  </datafield>
  <datafield tag="337" ind1=" " ind2=" ">
    <subfield code="a">unmediated</subfield>
    <subfield code="2">rdamedia</subfield>
  </datafield>
  <datafield tag="338" ind1=" " ind2=" ">
    <subfield code="a">volume</subfield>
    <subfield code="2">rdacarrier</subfield>
  </datafield>
  <datafield tag="490" ind1="1" ind2=" ">
    <subfield code="a">Biblioteca abierta ;</subfield>
    <subfield code="v">434.</subfield>
    <subfield code="a">Colección general. Perspectivas ambientales</subfield>
  </datafield>
  <datafield tag="504" ind1=" " ind2=" ">
    <subfield code="a">Includes bibliographical references and index.</subfield>
  </datafield>
  <datafield tag="505" ind1="0" ind2=" ">
    <subfield code="a">Historia ambiental : raíz, razón, camino  : (a modo de prefacio) / Guillermo Castro Herrera -- Sembrando semillas / Stefania Gallini -- Métodos y posturas. La naturaleza en la historia : tendencias y cambios en la historia ambiental, 1970-2010 / Vladimir Sánchez Calderón ; Metabolismo socioecológico como herramienta  para la historia ambiental urbana / Juan David Reina Rozo -- De paisajes rurales, clima y representaciones. Paisaje colonial del siglo XVI en el territorio guane, Santander (Colombia) / Carolina Ardila Luna ; Agricultura, ganadería y degradación del suelo en Saquencipá, Nuevo Reino de Granada, siglos XVI y XVII / Katherinne Mora Pacheco ; &quot;Nuestras pobres vacas de otros tiempos&quot; : refinamiento ganadero y cambio de paisaje en la Sabana de Bogotá, 1860-1880 / Juan David Delgado Rozo ; Construyendo el trópico : relatos de viajeros ingleses en Colombia, durante el siglo XIX / Simón Uribe Martínez ; Cambio climático, desglaciación y colonización campesina altoandina en la Sierra Nevada del Cocuy y Güicán, 1870-1977 / Oriana Prieto Gaona -- Bogotá en dos historias ambientales. El alcantarillado subterráneo como respuesta al problema sanitario de Bogotá, 1886-1938 / María Clara Torres Latorre ; Los problemas ambientales en torno a la provisión de agua para Bogotá, 1886-1927 / Laura C. Felacio Jiménez -- Problemas ambientales que se construyen. La construcción histórica de un problema hídrico en San Andrés Isla, Colombia / Johanna Aguado Álvarez ; Construcciones de lo ambiental desde los medios de comunicación en Colombia, 1970-2000 / Carolina Castro Osorio.</subfield>
  </datafield>
  <datafield tag="650" ind1=" " ind2="0">
    <subfield code="a">Human ecology</subfield>
    <subfield code="z">Colombia</subfield>
    <subfield code="x">History.</subfield>
  </datafield>
  <datafield tag="651" ind1=" " ind2="0">
    <subfield code="a">Colombia</subfield>
    <subfield code="x">Environmental conditions</subfield>
    <subfield code="x">History.</subfield>
  </datafield>
  <datafield tag="650" ind1=" " ind2="0">
    <subfield code="a">Human ecology</subfield>
    <subfield code="x">History.</subfield>
  </datafield>
  <datafield tag="650" ind1=" " ind2="7">
    <subfield code="a">Ecology.</subfield>
    <subfield code="2">fast</subfield>
    <subfield code="0">(OCoLC)fst00901476</subfield>
  </datafield>
  <datafield tag="650" ind1=" " ind2="7">
    <subfield code="a">Human ecology.</subfield>
    <subfield code="2">fast</subfield>
    <subfield code="0">(OCoLC)fst00962941</subfield>
  </datafield>
  <datafield tag="651" ind1=" " ind2="7">
    <subfield code="a">Colombia.</subfield>
    <subfield code="2">fast</subfield>
    <subfield code="0">(OCoLC)fst01205916</subfield>
  </datafield>
  <datafield tag="655" ind1=" " ind2="7">
    <subfield code="a">History.</subfield>
    <subfield code="2">fast</subfield>
    <subfield code="0">(OCoLC)fst01411628</subfield>
  </datafield>
  <datafield tag="700" ind1="1" ind2=" ">
    <subfield code="a">Gallini, Stefania</subfield>
    <subfield code="e">editor.</subfield>
  </datafield>
  <datafield tag="830" ind1=" " ind2="0">
    <subfield code="a">Biblioteca abierta ;</subfield>
    <subfield code="v">434.</subfield>
  </datafield>
  <datafield tag="830" ind1=" " ind2="0">
    <subfield code="a">Biblioteca abierta.</subfield>
    <subfield code="p">Colección general.</subfield>
    <subfield code="p">Perspectivas ambientales.</subfield>
  </datafield>
  <datafield tag="923" ind1=" " ind2=" ">
    <subfield code="d">20161005</subfield>
    <subfield code="n">14753C2017</subfield>
    <subfield code="s">BO-CbLA</subfield>
  </datafield>
  <datafield tag="985" ind1=" " ind2=" ">
    <subfield code="e">VENDOR LOAD</subfield>
  </datafield>
</record>