
<record>
  <leader>02463cam a22004097i 4500</leader>
  <controlfield tag="001">19352255</controlfield>
  <controlfield tag="005">20200103150856.0</controlfield>
  <controlfield tag="008">161008s2016    ve a          000 0 spa c</controlfield>
  <datafield tag="906" ind1=" " ind2=" ">
    <subfield code="a">7</subfield>
    <subfield code="b">cbc</subfield>
    <subfield code="c">pccadap</subfield>
    <subfield code="d">3</subfield>
    <subfield code="e">ncip</subfield>
    <subfield code="f">20</subfield>
    <subfield code="g">y-gencatlg</subfield>
  </datafield>
  <datafield tag="925" ind1="0" ind2=" ">
    <subfield code="a">acquire</subfield>
    <subfield code="b">1 shelf copy</subfield>
    <subfield code="x">policy default</subfield>
  </datafield>
  <datafield tag="955" ind1=" " ind2=" ">
    <subfield code="b">bg12 2017-04-04 to ALAWE/SA</subfield>
    <subfield code="b">bc12 2017-10-03 z-processor</subfield>
    <subfield code="i">bc12 2017-10-04 (telework)</subfield>
    <subfield code="e">bc12 2017-10-05 to BCCD (ABAchecked &amp; Labeled)</subfield>
  </datafield>
  <datafield tag="010" ind1=" " ind2=" ">
    <subfield code="a">  2016512745</subfield>
  </datafield>
  <datafield tag="020" ind1=" " ind2=" ">
    <subfield code="a">9789807803007</subfield>
  </datafield>
  <datafield tag="020" ind1=" " ind2=" ">
    <subfield code="a">9807803004</subfield>
  </datafield>
  <datafield tag="035" ind1=" " ind2=" ">
    <subfield code="a">(OCoLC)ocn973781159</subfield>
  </datafield>
  <datafield tag="040" ind1=" " ind2=" ">
    <subfield code="a">STF</subfield>
    <subfield code="b">eng</subfield>
    <subfield code="c">STF</subfield>
    <subfield code="e">rda</subfield>
    <subfield code="d">OCLCO</subfield>
    <subfield code="d">IQU</subfield>
    <subfield code="d">YUS</subfield>
    <subfield code="d">PIT</subfield>
    <subfield code="d">OCLCF</subfield>
    <subfield code="d">NOC</subfield>
    <subfield code="d">DLC</subfield>
  </datafield>
  <datafield tag="041" ind1="1" ind2=" ">
    <subfield code="a">spa</subfield>
    <subfield code="a">por</subfield>
  </datafield>
  <datafield tag="043" ind1=" " ind2=" ">
    <subfield code="a">s-bl---</subfield>
  </datafield>
  <datafield tag="050" ind1="0" ind2="0">
    <subfield code="a">F2538.3</subfield>
    <subfield code="b">.V565 2016</subfield>
  </datafield>
  <datafield tag="100" ind1="1" ind2=" ">
    <subfield code="a">Villegas, Ernesto,</subfield>
    <subfield code="e">interviewer.</subfield>
  </datafield>
  <datafield tag="245" ind1="1" ind2="0">
    <subfield code="a">Golpe bajo =</subfield>
    <subfield code="b">Golpe baixo : entrevistas a/com Dilma Rousseff, Luiz Inácio &quot;Lula&quot; da Silva y Joao Pedro Stédile /</subfield>
    <subfield code="c">Ernesto Villegas Poljak.</subfield>
  </datafield>
  <datafield tag="246" ind1="3" ind2="1">
    <subfield code="a">Golpe baixo</subfield>
  </datafield>
  <datafield tag="250" ind1=" " ind2=" ">
    <subfield code="a">Edición bilingüe = Edição bilíngüe.</subfield>
  </datafield>
  <datafield tag="264" ind1=" " ind2="1">
    <subfield code="a">[Caracas] :</subfield>
    <subfield code="b">Editorial Nosotros Mismos,</subfield>
    <subfield code="c">[2016]</subfield>
  </datafield>
  <datafield tag="300" ind1=" " ind2=" ">
    <subfield code="a">135 pages :</subfield>
    <subfield code="b">color illustrations ;</subfield>
    <subfield code="c">23 cm</subfield>
  </datafield>
  <datafield tag="336" ind1=" " ind2=" ">
    <subfield code="a">text</subfield>
    <subfield code="b">txt</subfield>
    <subfield code="2">rdacontent</subfield>
  </datafield>
  <datafield tag="337" ind1=" " ind2=" ">
    <subfield code="a">unmediated</subfield>
    <subfield code="b">n</subfield>
    <subfield code="2">rdamedia</subfield>
  </datafield>
  <datafield tag="338" ind1=" " ind2=" ">
    <subfield code="a">volume</subfield>
    <subfield code="b">nc</subfield>
    <subfield code="2">rdacarrier</subfield>
  </datafield>
  <datafield tag="546" ind1=" " ind2=" ">
    <subfield code="a">Parallel text in the original Portuguese and Spanish translation.</subfield>
  </datafield>
  <datafield tag="505" ind1="0" ind2=" ">
    <subfield code="a">El golpe del petróleo = O golpe do petróleo -- Cronología del proceso contra Dilma Rousseff = Cronología do processo contra Dilma Rousseff -- Entrevista a Joao Pedro Stédile: &quot;Con Michel Temer se intensificará la lucha de clases en Brasil&quot; = Entrevista com Joao Pedro Stédile: &quot;Com Michel Temer se intensificará a luta de classes no Brasil&quot; -- Entrevista a Dilma Rousseff: &quot;Este es un golpe contra la democracia y la inclusión social&quot; = Entrevista com Dilma Rousseff: &quot;Este é um golpe contra a democracia e contra a inclusão social&quot; -- Entrevista a Luiz Inácio &apos;Lula&apos; da Silva: &quot;La prensa brasileña ha sido responsable de este golpe&quot; = Entrevista com Luiz Inácio &apos;Lula&apos; da Silva: &quot;A imprensa brasileira é responsável pelo golpe&quot; -- Perfil del autor = Perfil do auto -- Galería fotográfica = Galería de fotos.</subfield>
  </datafield>
  <datafield tag="651" ind1=" " ind2="0">
    <subfield code="a">Brazil</subfield>
    <subfield code="x">Politics and government</subfield>
    <subfield code="y">2003-</subfield>
  </datafield>
  <datafield tag="650" ind1=" " ind2="0">
    <subfield code="a">Democracy</subfield>
    <subfield code="z">Brazil.</subfield>
  </datafield>
  <datafield tag="700" ind1="1" ind2=" ">
    <subfield code="a">Rousseff, Dilma,</subfield>
    <subfield code="e">interviewee.</subfield>
  </datafield>
  <datafield tag="700" ind1="0" ind2=" ">
    <subfield code="a">Lula,</subfield>
    <subfield code="d">1945-</subfield>
    <subfield code="e">interviewee.</subfield>
  </datafield>
  <datafield tag="700" ind1="1" ind2=" ">
    <subfield code="a">Stédile, João Pedro,</subfield>
    <subfield code="e">interviewee.</subfield>
  </datafield>
  <datafield tag="923" ind1=" " ind2=" ">
    <subfield code="d">20161007</subfield>
    <subfield code="n">15914V2017</subfield>
    <subfield code="s">BO-CbLA</subfield>
  </datafield>
  <datafield tag="985" ind1=" " ind2=" ">
    <subfield code="e">VENDOR LOAD</subfield>
  </datafield>
</record>