
<record>
  <leader>03936cam a22004817i 4500</leader>
  <controlfield tag="001">19358845</controlfield>
  <controlfield tag="005">20200103150858.0</controlfield>
  <controlfield tag="008">161031t20162016gw       b    001 0 ger c</controlfield>
  <datafield tag="906" ind1=" " ind2=" ">
    <subfield code="a">0</subfield>
    <subfield code="b">ibc</subfield>
    <subfield code="c">pccadap</subfield>
    <subfield code="d">2</subfield>
    <subfield code="e">epcn</subfield>
    <subfield code="f">20</subfield>
    <subfield code="g">y-gencatlg</subfield>
  </datafield>
  <datafield tag="925" ind1="0" ind2=" ">
    <subfield code="a">acquire</subfield>
    <subfield code="b">1 shelf copy</subfield>
    <subfield code="x">policy default</subfield>
  </datafield>
  <datafield tag="955" ind1=" " ind2=" ">
    <subfield code="b">rk07 2017-01-17 z-processor</subfield>
    <subfield code="i">rk07 2017-01-20 to dewey</subfield>
  </datafield>
  <datafield tag="010" ind1=" " ind2=" ">
    <subfield code="a">  2016045778</subfield>
  </datafield>
  <datafield tag="020" ind1=" " ind2=" ">
    <subfield code="a">9783110489293</subfield>
    <subfield code="q">(hardcover ;</subfield>
    <subfield code="q">alk. paper)</subfield>
  </datafield>
  <datafield tag="020" ind1=" " ind2=" ">
    <subfield code="a">3110489295</subfield>
    <subfield code="q">(hardcover ;</subfield>
    <subfield code="q">alk. paper)</subfield>
  </datafield>
  <datafield tag="020" ind1=" " ind2=" ">
    <subfield code="z">9783110491135</subfield>
    <subfield code="q">(PDF)</subfield>
  </datafield>
  <datafield tag="020" ind1=" " ind2=" ">
    <subfield code="z">9783110489576</subfield>
    <subfield code="q">(EPUB)</subfield>
  </datafield>
  <datafield tag="035" ind1=" " ind2=" ">
    <subfield code="a">(OCoLC)ocn949869424</subfield>
  </datafield>
  <datafield tag="040" ind1=" " ind2=" ">
    <subfield code="a">DLC</subfield>
    <subfield code="b">eng</subfield>
    <subfield code="c">DLC</subfield>
    <subfield code="e">rda</subfield>
    <subfield code="d">BTCTA</subfield>
    <subfield code="d">YDXCP</subfield>
    <subfield code="d">OCLCO</subfield>
    <subfield code="d">OHX</subfield>
    <subfield code="d">LGG</subfield>
    <subfield code="d">OCLCF</subfield>
    <subfield code="d">PAU</subfield>
    <subfield code="d">XII</subfield>
    <subfield code="d">DLC</subfield>
  </datafield>
  <datafield tag="050" ind1="0" ind2="0">
    <subfield code="a">B2774</subfield>
    <subfield code="b">.K38 2016</subfield>
  </datafield>
  <datafield tag="245" ind1="0" ind2="4">
    <subfield code="a">Die &quot;Kategorien der Freiheit&quot; in Kants praktischer Philosophie :</subfield>
    <subfield code="b">historisch-systematische Beiträge /</subfield>
    <subfield code="c">herausgegeben von Stephan Zimmermann.</subfield>
  </datafield>
  <datafield tag="264" ind1=" " ind2="1">
    <subfield code="a">Berlin ;</subfield>
    <subfield code="a">Boston :</subfield>
    <subfield code="b">De Gruyter,</subfield>
    <subfield code="c">[2016]</subfield>
  </datafield>
  <datafield tag="264" ind1=" " ind2="4">
    <subfield code="c">©2016</subfield>
  </datafield>
  <datafield tag="300" ind1=" " ind2=" ">
    <subfield code="a">x, 344 pages ;</subfield>
    <subfield code="c">24 cm.</subfield>
  </datafield>
  <datafield tag="336" ind1=" " ind2=" ">
    <subfield code="a">text</subfield>
    <subfield code="b">txt</subfield>
    <subfield code="2">rdacontent</subfield>
  </datafield>
  <datafield tag="337" ind1=" " ind2=" ">
    <subfield code="a">unmediated</subfield>
    <subfield code="b">n</subfield>
    <subfield code="2">rdamedia</subfield>
  </datafield>
  <datafield tag="338" ind1=" " ind2=" ">
    <subfield code="a">volume</subfield>
    <subfield code="b">nc</subfield>
    <subfield code="2">rdacarrier</subfield>
  </datafield>
  <datafield tag="490" ind1="1" ind2=" ">
    <subfield code="a">Kantstudien-Ergänzungshefte,</subfield>
    <subfield code="x">0340-6059 ;</subfield>
    <subfield code="v">Band 193</subfield>
  </datafield>
  <datafield tag="500" ind1=" " ind2=" ">
    <subfield code="a">Papers presented at an international symposium held at the Universität Bonn, January 10-11, 2012.</subfield>
  </datafield>
  <datafield tag="520" ind1=" " ind2=" ">
    <subfield code="a">&quot;For several years, the doctrine of the &quot;Categories of Freedom,&quot; which Kant delivers in a highly condensed fashion in his &quot;Critique of Practical Reason,&quot; has been drawing the attention of the scholars more and more. The present volume is the first to gather contributions which take this central lesson of Kant&apos;s moral philosophy into account, while varying the emphasis both historically as well as systematically.&quot;--</subfield>
    <subfield code="c">Provided by publisher.</subfield>
  </datafield>
  <datafield tag="504" ind1=" " ind2=" ">
    <subfield code="a">Includes bibliographical references and indexes.</subfield>
  </datafield>
  <datafield tag="505" ind1="0" ind2="0">
    <subfield code="t">Die praktischen Elementarbegriffe als Modi der Willensbestimmung : zu Kants Lehre von den &quot;Kategorien der Freiheit&quot; /</subfield>
    <subfield code="r">Theo Kobusch --</subfield>
    <subfield code="t">Was versteht Kant unter einem &quot;übersinnlichen Gebrauche der Kategorien&quot;? : eine Interpretation von KpV, Ak. 5, S. 5.24-6.1 /</subfield>
    <subfield code="r">Heiko Puls --</subfield>
    <subfield code="t">Praktische Erkenntnis a priori in Kants Kritik der praktischen Vernunft /</subfield>
    <subfield code="r">Manfred Baum --</subfield>
    <subfield code="t">Kant über praktischen Gegenstandsbezug /</subfield>
    <subfield code="r">Jochen Bojanowski --</subfield>
    <subfield code="t">Kants &quot;Kategorien der Freiheit&quot; : Freiheit als empirischer und transzendentaler Bratenwender? /</subfield>
    <subfield code="r">Jens Rometsch --</subfield>
    <subfield code="t">Momente der Freiheit /</subfield>
    <subfield code="r">Ina Goy --</subfield>
    <subfield code="t">Verstand und Wille : die Kausalitätstheorie als Schlüssel zum Verständnis der &quot;Kategorien der Freiheit&quot; in Kants Kritik der praktischen Vernunft /</subfield>
    <subfield code="r">Werner Euler --</subfield>
    <subfield code="t">Zu den Freiheitskategorien der Quantität, Qualität und Relation : eine Selbstkorrektur /</subfield>
    <subfield code="r">Stephan Zimmermann --</subfield>
    <subfield code="t">Kants &quot;Kategorien der Freiheit&quot; in rein praktischer, pragmatischer und technisch-praktischer Funktion /</subfield>
    <subfield code="r">Hans Friedrich Fulda --</subfield>
    <subfield code="t">Zur Rolle der &quot;Typik der reinen praktischen Urtheilskraft&quot; und der &quot;Kategorien der Freiheit&quot; in der Konstitution des Gegenstandes der reinen praktischen Vernunft /</subfield>
    <subfield code="r">José Maríz Torraiba --</subfield>
    <subfield code="t">Der eine &quot;Gegenstand der reinen praktischen Vernunft&quot; und die vielen &quot;Kategorien der Freiheit&quot; /</subfield>
    <subfield code="r">Wolfgang Bartuschat --</subfield>
    <subfield code="t">Kants &quot;Kategorien der Freiheit&quot; und das Problem der Einheit der Vernunft /</subfield>
    <subfield code="r">Christian Krijnen.</subfield>
  </datafield>
  <datafield tag="600" ind1="1" ind2="0">
    <subfield code="a">Kant, Immanuel,</subfield>
    <subfield code="d">1724-1804.</subfield>
  </datafield>
  <datafield tag="600" ind1="1" ind2="0">
    <subfield code="a">Kant, Immanuel,</subfield>
    <subfield code="d">1724-1804.</subfield>
    <subfield code="t">Kritik der praktischen Vernunft.</subfield>
  </datafield>
  <datafield tag="650" ind1=" " ind2="0">
    <subfield code="a">Practical reason.</subfield>
  </datafield>
  <datafield tag="650" ind1=" " ind2="0">
    <subfield code="a">Categories (Philosophy)</subfield>
    <subfield code="x">History</subfield>
    <subfield code="y">18th century.</subfield>
  </datafield>
  <datafield tag="650" ind1=" " ind2="0">
    <subfield code="a">Liberty</subfield>
    <subfield code="x">Philosophy.</subfield>
  </datafield>
  <datafield tag="650" ind1=" " ind2="0">
    <subfield code="a">Free will and determinism</subfield>
    <subfield code="x">History</subfield>
    <subfield code="y">18th century.</subfield>
  </datafield>
  <datafield tag="630" ind1="0" ind2="7">
    <subfield code="a">Kritik der praktischen Vernunft (Kant, Immanuel)</subfield>
    <subfield code="2">fast</subfield>
    <subfield code="0">(OCoLC)fst01356655</subfield>
  </datafield>
  <datafield tag="650" ind1=" " ind2="7">
    <subfield code="a">Categories (Philosophy)</subfield>
    <subfield code="2">fast</subfield>
    <subfield code="0">(OCoLC)fst00849003</subfield>
  </datafield>
  <datafield tag="650" ind1=" " ind2="7">
    <subfield code="a">Free will and determinism.</subfield>
    <subfield code="2">fast</subfield>
    <subfield code="0">(OCoLC)fst00933968</subfield>
  </datafield>
  <datafield tag="650" ind1=" " ind2="7">
    <subfield code="a">Practical reason.</subfield>
    <subfield code="2">fast</subfield>
    <subfield code="0">(OCoLC)fst01074530</subfield>
  </datafield>
  <datafield tag="700" ind1="1" ind2=" ">
    <subfield code="a">Zimmermann, Stephan,</subfield>
    <subfield code="d">1979-</subfield>
    <subfield code="e">editor.</subfield>
  </datafield>
  <datafield tag="830" ind1=" " ind2="0">
    <subfield code="a">Kantstudien.</subfield>
    <subfield code="p">Ergänzungshefte ;</subfield>
    <subfield code="v">193.</subfield>
  </datafield>
</record>