
<record>
  <leader>01624cam a22002657i 4500</leader>
  <controlfield tag="001">19367972</controlfield>
  <controlfield tag="005">20200103121256.0</controlfield>
  <controlfield tag="008">161108s2015    rb a          000 j hun  </controlfield>
  <datafield tag="906" ind1=" " ind2=" ">
    <subfield code="a">7</subfield>
    <subfield code="b">cbc</subfield>
    <subfield code="c">orignew</subfield>
    <subfield code="d">4</subfield>
    <subfield code="e">ncip</subfield>
    <subfield code="f">20</subfield>
    <subfield code="g">y-gencatlg</subfield>
  </datafield>
  <datafield tag="925" ind1="0" ind2=" ">
    <subfield code="a">acquire</subfield>
    <subfield code="b">1 shelf copy</subfield>
    <subfield code="x">policy default</subfield>
  </datafield>
  <datafield tag="955" ind1=" " ind2=" ">
    <subfield code="b">fc11 2016-11-08</subfield>
    <subfield code="a">fc00 2016-11-10 to GS/ECE</subfield>
    <subfield code="i">fc15 2017-02-28 to shelf</subfield>
    <subfield code="a">fc11 2017-03-08 rev.</subfield>
  </datafield>
  <datafield tag="010" ind1=" " ind2=" ">
    <subfield code="a">  2016451218</subfield>
  </datafield>
  <datafield tag="020" ind1=" " ind2=" ">
    <subfield code="a">9788632309432</subfield>
  </datafield>
  <datafield tag="040" ind1=" " ind2=" ">
    <subfield code="a">DLC</subfield>
    <subfield code="b">eng</subfield>
    <subfield code="c">DLC</subfield>
    <subfield code="e">rda</subfield>
  </datafield>
  <datafield tag="050" ind1="0" ind2="0">
    <subfield code="a">MLCS 2017/42054 (P)</subfield>
  </datafield>
  <datafield tag="245" ind1="1" ind2="0">
    <subfield code="a">Szombat az Ecsetgyár utcában :</subfield>
    <subfield code="b">a 2104. évi Gion Nándor Novellapályázat antológiája /</subfield>
    <subfield code="c">szerkesztette Horváth Futó Hargita.</subfield>
  </datafield>
  <datafield tag="246" ind1="1" ind2="4">
    <subfield code="a">Gion Nándor Novellapályázat 2014</subfield>
  </datafield>
  <datafield tag="264" ind1=" " ind2="1">
    <subfield code="a">Újvidék :</subfield>
    <subfield code="b">Forum Könyvkiadó ;</subfield>
    <subfield code="a">Szenttamás :</subfield>
    <subfield code="b">Gion Nándor Emlékház,</subfield>
    <subfield code="c">2015.</subfield>
  </datafield>
  <datafield tag="300" ind1=" " ind2=" ">
    <subfield code="a">179 pages :</subfield>
    <subfield code="b">illustrations ;</subfield>
    <subfield code="c">21 cm.</subfield>
  </datafield>
  <datafield tag="336" ind1=" " ind2=" ">
    <subfield code="a">text</subfield>
    <subfield code="2">rdacontent</subfield>
  </datafield>
  <datafield tag="337" ind1=" " ind2=" ">
    <subfield code="a">unmediated</subfield>
    <subfield code="2">rdamedia</subfield>
  </datafield>
  <datafield tag="338" ind1=" " ind2=" ">
    <subfield code="a">volume</subfield>
    <subfield code="2">rdacarrier</subfield>
  </datafield>
  <datafield tag="490" ind1="0" ind2=" ">
    <subfield code="a">Gion Nándor Könyvek ;</subfield>
    <subfield code="v">3.</subfield>
  </datafield>
  <datafield tag="505" ind1="0" ind2=" ">
    <subfield code="a">Szombat az Ecsetgyár utcában / Böjthe Pál -- Kivégzés / Balogh Gábor -- Föltámad a szél / Sándor Zoltán -- Szent Hubertusz erre járt / Balogh Gábor -- Samuka bácsi / Balogh Gábor -- Bűn és büntetés / Benedek Miklós -- Vér / Jódal Rózsa -- A képeskönyv / Rényi Ádám -- &quot;Az már nem kell&quot; / Romoda Ferenc -- A gonosz átváltozása / Sándor Zoltán -- Fiatalasszony virágtengerben / Tóth Lívia -- Az üstökös / Vadlövő Gabriella -- Szenttamási irodalmi lakoma / Bence Erika.</subfield>
  </datafield>
  <datafield tag="700" ind1="1" ind2=" ">
    <subfield code="a">Horváth Futó, Hargita,</subfield>
    <subfield code="e">editor.</subfield>
  </datafield>
</record>