
<record>
  <leader>02537cas a2200493 i 4500</leader>
  <controlfield tag="001">19369921</controlfield>
  <controlfield tag="005">20200103075653.0</controlfield>
  <controlfield tag="006">m     o  d        </controlfield>
  <controlfield tag="007">cr mnu||||||||</controlfield>
  <controlfield tag="008">161110c20159999nyufr p o     0   a0eng d</controlfield>
  <datafield tag="010" ind1=" " ind2=" ">
    <subfield code="a">  2019208054</subfield>
  </datafield>
  <datafield tag="022" ind1=" " ind2=" ">
    <subfield code="a">2199-6784</subfield>
    <subfield code="y">2199-6776</subfield>
  </datafield>
  <datafield tag="035" ind1=" " ind2=" ">
    <subfield code="a">(OCoLC)ocn927032431</subfield>
  </datafield>
  <datafield tag="040" ind1=" " ind2=" ">
    <subfield code="a">LUN</subfield>
    <subfield code="b">eng</subfield>
    <subfield code="e">rda</subfield>
    <subfield code="e">pn</subfield>
    <subfield code="c">LUN</subfield>
    <subfield code="d">OCLCQ</subfield>
    <subfield code="d">VT2</subfield>
    <subfield code="d">OCLCF</subfield>
    <subfield code="d">U3W</subfield>
    <subfield code="d">UX1</subfield>
    <subfield code="d">WYU</subfield>
    <subfield code="d">AUD</subfield>
    <subfield code="d">ADU</subfield>
    <subfield code="d">OCLCO</subfield>
    <subfield code="d">DLC</subfield>
  </datafield>
  <datafield tag="042" ind1=" " ind2=" ">
    <subfield code="a">lccopycat</subfield>
  </datafield>
  <datafield tag="050" ind1="0" ind2="0">
    <subfield code="a">HB1</subfield>
  </datafield>
  <datafield tag="245" ind1="0" ind2="0">
    <subfield code="a">Journal of the economic science association.</subfield>
  </datafield>
  <datafield tag="246" ind1="1" ind2=" ">
    <subfield code="a">JESA</subfield>
  </datafield>
  <datafield tag="264" ind1=" " ind2="1">
    <subfield code="a">[New York] :</subfield>
    <subfield code="b">Springer US,</subfield>
    <subfield code="c">2015-</subfield>
  </datafield>
  <datafield tag="300" ind1=" " ind2=" ">
    <subfield code="a">online resource</subfield>
  </datafield>
  <datafield tag="310" ind1=" " ind2=" ">
    <subfield code="a">Semiannual</subfield>
  </datafield>
  <datafield tag="336" ind1=" " ind2=" ">
    <subfield code="a">text</subfield>
    <subfield code="b">txt</subfield>
    <subfield code="2">rdacontent</subfield>
  </datafield>
  <datafield tag="337" ind1=" " ind2=" ">
    <subfield code="a">computer</subfield>
    <subfield code="b">c</subfield>
    <subfield code="2">rdamedia</subfield>
  </datafield>
  <datafield tag="338" ind1=" " ind2=" ">
    <subfield code="a">online resource</subfield>
    <subfield code="b">cr</subfield>
    <subfield code="2">rdacarrier</subfield>
  </datafield>
  <datafield tag="500" ind1=" " ind2=" ">
    <subfield code="a">&quot;A Companion Journal to Experimental Economics&quot;</subfield>
  </datafield>
  <datafield tag="538" ind1=" " ind2=" ">
    <subfield code="a">Mode of access: World Wide Web.</subfield>
  </datafield>
  <datafield tag="588" ind1="0" ind2=" ">
    <subfield code="a">Volume 1, issue 1 (July 2015); tile from journal homepage (SpringerLink website, viewed December 23, 2019).</subfield>
  </datafield>
  <datafield tag="588" ind1="1" ind2=" ">
    <subfield code="a">Volume 5, issue 2 (December 2019) (SpringerLink website, viewed December 23, 2019).</subfield>
  </datafield>
  <datafield tag="506" ind1=" " ind2=" ">
    <subfield code="a">License restrictions may limit access.</subfield>
  </datafield>
  <datafield tag="650" ind1=" " ind2="0">
    <subfield code="a">Economics</subfield>
    <subfield code="v">Periodicals.</subfield>
  </datafield>
  <datafield tag="655" ind1=" " ind2="0">
    <subfield code="a">Electronic journals.</subfield>
  </datafield>
  <datafield tag="655" ind1=" " ind2="7">
    <subfield code="a">Periodicals.</subfield>
    <subfield code="2">fast</subfield>
    <subfield code="0">(OCoLC)fst01411641</subfield>
  </datafield>
  <datafield tag="787" ind1="1" ind2=" ">
    <subfield code="t">Experimental economics (Online)</subfield>
    <subfield code="x">1573-6938</subfield>
    <subfield code="w">(DLC)  2004229165</subfield>
    <subfield code="w">(OCoLC)41560987</subfield>
  </datafield>
  <datafield tag="850" ind1=" " ind2=" ">
    <subfield code="a">DLC</subfield>
  </datafield>
  <datafield tag="859" ind1="4" ind2="0">
    <subfield code="u">http://sfx.ucl.ac.uk/sfx_local?url_ver=Z39.88-2004&amp;ctx_ver=Z39.88-2004&amp;ctx_enc=info:ofi/enc:UTF-8&amp;rfr_id=info:sid/sfxit.com:opac_856&amp;url_ctx_fmt=info:ofi/fmt:kev:mtx:ctx&amp;sfx.ignore_date_threshold=1&amp;rft.object_id=3710000000360026&amp;svc_val_fmt=info:ofi/fmt:kev:mtx:sch_svc&amp;</subfield>
  </datafield>
  <datafield tag="859" ind1="4" ind2="0">
    <subfield code="u">http://link.springer.com/journal/40881</subfield>
    <subfield code="z">2015 to present</subfield>
  </datafield>
  <datafield tag="859" ind1="4" ind2="0">
    <subfield code="u">http://0-link.springer.com.pugwash.lib.warwick.ac.uk/journal/40881</subfield>
    <subfield code="z">Full text available from Springer:Jisc Collections:Compact:2016-2018: 01/07/2015 to present</subfield>
  </datafield>
  <datafield tag="859" ind1="4" ind2="0">
    <subfield code="u">https://link.springer.com/journal/40881</subfield>
    <subfield code="z">2015 to present</subfield>
  </datafield>
  <datafield tag="859" ind1="4" ind2="0">
    <subfield code="u">http://ezproxy.canterbury.ac.nz/login?url=https://link.springer.com/openurl?genre=journal&amp;issn=2199-6776&amp;volume=</subfield>
    <subfield code="y">Full text available from Springer Online Journals - Caul 2018: 01/01/2015 to present</subfield>
  </datafield>
  <datafield tag="859" ind1="4" ind2="0">
    <subfield code="u">http://VH7QX3XE2P.search.serialssolutions.com/?V=1.0&amp;L=VH7QX3XE2P&amp;S=JCs&amp;C=TC0001634204&amp;T=marc</subfield>
    <subfield code="z">VIEW FULL TEXT</subfield>
  </datafield>
  <datafield tag="906" ind1=" " ind2=" ">
    <subfield code="a">7</subfield>
    <subfield code="b">cbc</subfield>
    <subfield code="c">serasst</subfield>
    <subfield code="d">2</subfield>
    <subfield code="e">ncip</subfield>
    <subfield code="f">20</subfield>
    <subfield code="g">n-oclcserc</subfield>
  </datafield>
  <datafield tag="925" ind1="0" ind2=" ">
    <subfield code="a">acquire</subfield>
    <subfield code="e">edeposit</subfield>
    <subfield code="x">policy default</subfield>
  </datafield>
  <datafield tag="955" ind1=" " ind2=" ">
    <subfield code="a">rh00 2016-11-10</subfield>
    <subfield code="i">rh25 2019-12-23</subfield>
  </datafield>
  <datafield tag="985" ind1=" " ind2=" ">
    <subfield code="d">20180123</subfield>
    <subfield code="e">edeposit SR15158124301</subfield>
  </datafield>
</record>