
<record>
  <leader>02046cam a22003257i 4500</leader>
  <controlfield tag="001">19381093</controlfield>
  <controlfield tag="005">20200103121301.0</controlfield>
  <controlfield tag="008">161121t20152015mx a          000 1 spa  </controlfield>
  <datafield tag="906" ind1=" " ind2=" ">
    <subfield code="a">7</subfield>
    <subfield code="b">cbc</subfield>
    <subfield code="c">origres</subfield>
    <subfield code="d">4</subfield>
    <subfield code="e">ncip</subfield>
    <subfield code="f">20</subfield>
    <subfield code="g">y-gencatlg</subfield>
  </datafield>
  <datafield tag="925" ind1="0" ind2=" ">
    <subfield code="a">acquire</subfield>
    <subfield code="b">1 shelf copy</subfield>
    <subfield code="x">policy default</subfield>
  </datafield>
  <datafield tag="955" ind1=" " ind2=" ">
    <subfield code="b">bf27 2016-11-21 z-processor to ALAWE/MCAC</subfield>
    <subfield code="b">bf03 2016-12-30</subfield>
    <subfield code="h">bf03 2016-12-30 to shelf</subfield>
  </datafield>
  <datafield tag="010" ind1=" " ind2=" ">
    <subfield code="a">  2016485272</subfield>
  </datafield>
  <datafield tag="020" ind1=" " ind2=" ">
    <subfield code="a">9786079457020</subfield>
    <subfield code="q">(Aldus)</subfield>
  </datafield>
  <datafield tag="020" ind1=" " ind2=" ">
    <subfield code="a">9786079311636</subfield>
    <subfield code="z">(IVEC)</subfield>
  </datafield>
  <datafield tag="020" ind1=" " ind2=" ">
    <subfield code="a">6079457024</subfield>
  </datafield>
  <datafield tag="020" ind1=" " ind2=" ">
    <subfield code="a">9786079311636</subfield>
  </datafield>
  <datafield tag="020" ind1=" " ind2=" ">
    <subfield code="a">6079311631</subfield>
  </datafield>
  <datafield tag="035" ind1=" " ind2=" ">
    <subfield code="a">(OCoLC)ocn962482112</subfield>
  </datafield>
  <datafield tag="040" ind1=" " ind2=" ">
    <subfield code="a">DLC</subfield>
    <subfield code="b">eng</subfield>
    <subfield code="e">rda</subfield>
    <subfield code="c">DLC</subfield>
  </datafield>
  <datafield tag="050" ind1="0" ind2="0">
    <subfield code="a">MLCS 2016/45694 (P)</subfield>
  </datafield>
  <datafield tag="100" ind1="1" ind2=" ">
    <subfield code="a">Pohlenz, Ricardo,</subfield>
    <subfield code="e">author.</subfield>
  </datafield>
  <datafield tag="240" ind1="1" ind2="0">
    <subfield code="a">Short stories.</subfield>
    <subfield code="k">Selections</subfield>
  </datafield>
  <datafield tag="245" ind1="1" ind2="3">
    <subfield code="a">La vocacion de submarino /</subfield>
    <subfield code="c">Ricardo Pohlenz</subfield>
  </datafield>
  <datafield tag="264" ind1=" " ind2="1">
    <subfield code="a">México, D.F. :</subfield>
    <subfield code="b">Aldvs ;</subfield>
    <subfield code="a">Veracruz, Veracruz :</subfield>
    <subfield code="b">Instituto Veracruzano de la Cultura,</subfield>
    <subfield code="c">[2015]</subfield>
  </datafield>
  <datafield tag="264" ind1=" " ind2="4">
    <subfield code="c">©2015</subfield>
  </datafield>
  <datafield tag="300" ind1=" " ind2=" ">
    <subfield code="a">142 pages :</subfield>
    <subfield code="b">illustrations ;</subfield>
    <subfield code="c">21 cm</subfield>
  </datafield>
  <datafield tag="336" ind1=" " ind2=" ">
    <subfield code="a">text</subfield>
    <subfield code="b">txt</subfield>
    <subfield code="2">rdacontent</subfield>
  </datafield>
  <datafield tag="337" ind1=" " ind2=" ">
    <subfield code="a">unmediated</subfield>
    <subfield code="b">n</subfield>
    <subfield code="2">rdamedia</subfield>
  </datafield>
  <datafield tag="338" ind1=" " ind2=" ">
    <subfield code="a">volume</subfield>
    <subfield code="b">nc</subfield>
    <subfield code="2">rdacarrier</subfield>
  </datafield>
  <datafield tag="505" ind1="0" ind2=" ">
    <subfield code="a">Las chansons de Boris Vian -- Un cuento de invierno -- Lemmings -- La historia del barco y de lo que siguió al barco -- El oso del zoológico de Sarajevo -- Tristan Tzara aúlla -- Fábula de la muerte y el bisonte -- La isla de coral -- Esqueleto de dragones -- La sensación del vuelo -- Avestruces -- Tigres de papel -- Rimbaud vive -- La muerte de los seres queridos -- Adonis fue un poeta sirio -- Una tarde de domingo en Paris -- El prisionero -- El modelo del espia -- El candidato de Manchuria -- Una ética para Harry -- Era una noche oscura y tormentosa -- Chinanski está muerto (Sharkey también) -- El Pato Donald  -- Las máquinas solteras -- Correspondencia entre Groucho y T. S. Eliot -- Stravinski a partir de una caricatura de Walt Disney -- Orange Crush -- El dia que besé a Diamanda Galás -- No soy un lugar -- Claudia Cardinale -- Roland Barthes -- Tiburon en formol -- Bill Murray -- El submarino inmóvil.</subfield>
  </datafield>
</record>