
<record>
  <leader>01921cam a22003377i 4500</leader>
  <controlfield tag="001">19383647</controlfield>
  <controlfield tag="005">20200103150910.0</controlfield>
  <controlfield tag="008">161122t20162016utu      b    000 0 eng c</controlfield>
  <datafield tag="906" ind1=" " ind2=" ">
    <subfield code="a">7</subfield>
    <subfield code="b">cbc</subfield>
    <subfield code="c">pccadap</subfield>
    <subfield code="d">2</subfield>
    <subfield code="e">ncip</subfield>
    <subfield code="f">20</subfield>
    <subfield code="g">y-gencatlg</subfield>
  </datafield>
  <datafield tag="925" ind1="0" ind2=" ">
    <subfield code="a">acquire</subfield>
    <subfield code="b">1 shelf copy</subfield>
    <subfield code="x">policy default</subfield>
  </datafield>
  <datafield tag="955" ind1=" " ind2=" ">
    <subfield code="b">rk21 2016-11-22 z-processor</subfield>
    <subfield code="i">rk21 2016-11-28 to Dewey</subfield>
  </datafield>
  <datafield tag="010" ind1=" " ind2=" ">
    <subfield code="a">  2016440459</subfield>
  </datafield>
  <datafield tag="020" ind1=" " ind2=" ">
    <subfield code="a">9781680473667</subfield>
    <subfield code="q">(trade paperback)</subfield>
  </datafield>
  <datafield tag="020" ind1=" " ind2=" ">
    <subfield code="a">1680473662</subfield>
    <subfield code="q">(trade paperback)</subfield>
  </datafield>
  <datafield tag="035" ind1=" " ind2=" ">
    <subfield code="a">(OCoLC)ocn935194161</subfield>
  </datafield>
  <datafield tag="040" ind1=" " ind2=" ">
    <subfield code="a">BTCTA</subfield>
    <subfield code="b">eng</subfield>
    <subfield code="e">rda</subfield>
    <subfield code="c">BTCTA</subfield>
    <subfield code="d">UPZ</subfield>
    <subfield code="d">UBY</subfield>
    <subfield code="d">DLC</subfield>
  </datafield>
  <datafield tag="050" ind1="0" ind2="0">
    <subfield code="a">BX8661</subfield>
    <subfield code="b">.S53 2016</subfield>
  </datafield>
  <datafield tag="100" ind1="1" ind2=" ">
    <subfield code="a">Shallenberger, Robert R.,</subfield>
    <subfield code="e">author.</subfield>
  </datafield>
  <datafield tag="245" ind1="1" ind2="0">
    <subfield code="a">Return and succeed :</subfield>
    <subfield code="b">12 powerful habits for success after your mission /</subfield>
    <subfield code="c">Robert R. Shallenberger.</subfield>
  </datafield>
  <datafield tag="264" ind1=" " ind2="1">
    <subfield code="a">American Fork, UT :</subfield>
    <subfield code="b">Covenant Communications, Inc.,</subfield>
    <subfield code="c">[2016]</subfield>
  </datafield>
  <datafield tag="264" ind1=" " ind2="4">
    <subfield code="c">©2016</subfield>
  </datafield>
  <datafield tag="300" ind1=" " ind2=" ">
    <subfield code="a">xii, 116 pages ;</subfield>
    <subfield code="c">24 cm</subfield>
  </datafield>
  <datafield tag="336" ind1=" " ind2=" ">
    <subfield code="a">text</subfield>
    <subfield code="b">txt</subfield>
    <subfield code="2">rdacontent</subfield>
  </datafield>
  <datafield tag="337" ind1=" " ind2=" ">
    <subfield code="a">unmediated</subfield>
    <subfield code="b">n</subfield>
    <subfield code="2">rdamedia</subfield>
  </datafield>
  <datafield tag="338" ind1=" " ind2=" ">
    <subfield code="a">volume</subfield>
    <subfield code="b">nc</subfield>
    <subfield code="2">rdacarrier</subfield>
  </datafield>
  <datafield tag="504" ind1=" " ind2=" ">
    <subfield code="a">Includes bibliographical references (pages 111-112).</subfield>
  </datafield>
  <datafield tag="505" ind1="0" ind2=" ">
    <subfield code="a">The transition -- Strive to know the Lord -- Engage in mighty prayer -- Worship in the temple often -- Ponder the scriptures -- Choose your friends carefully -- Develop a clear personal vision -- Set SMART goals to accomplish your dreams -- Lead with love -- Understand the difference between the Church and the gospel -- Continue to learn through balanced studies -- Final tips for success.</subfield>
  </datafield>
  <datafield tag="520" ind1=" " ind2=" ">
    <subfield code="a">A collection of life changing ideas, habits, and tools that can provide returned missionaries with the motivation and capability they need to stay firm in their faith and achieve their greatest potential--</subfield>
    <subfield code="c">Source other than Library of Congress.</subfield>
  </datafield>
  <datafield tag="650" ind1=" " ind2="0">
    <subfield code="a">Mormon missionaries</subfield>
    <subfield code="x">Conduct of life.</subfield>
  </datafield>
  <datafield tag="650" ind1=" " ind2="0">
    <subfield code="a">Mormons</subfield>
    <subfield code="x">Conduct of life.</subfield>
  </datafield>
  <datafield tag="650" ind1=" " ind2="0">
    <subfield code="a">Adjustment (Psychology)</subfield>
    <subfield code="x">Religious aspects</subfield>
    <subfield code="x">Church of Jesus Christ of Latter-day Saints.</subfield>
  </datafield>
</record>