
<record>
  <leader>02751cam a22004457i 4500</leader>
  <controlfield tag="001">19384984</controlfield>
  <controlfield tag="005">20200103104027.0</controlfield>
  <controlfield tag="008">161123s2015    mnua          000 0aeng d</controlfield>
  <datafield tag="906" ind1=" " ind2=" ">
    <subfield code="a">7</subfield>
    <subfield code="b">cbc</subfield>
    <subfield code="c">copycat</subfield>
    <subfield code="d">2</subfield>
    <subfield code="e">ncip</subfield>
    <subfield code="f">20</subfield>
    <subfield code="g">y-gencatlg</subfield>
  </datafield>
  <datafield tag="925" ind1="0" ind2=" ">
    <subfield code="a">acquire</subfield>
    <subfield code="b">1 shelf copy</subfield>
    <subfield code="x">policy default</subfield>
  </datafield>
  <datafield tag="955" ind1=" " ind2=" ">
    <subfield code="b">xk25 2016-11-23 z-processor</subfield>
    <subfield code="i">rl09 2018-09-04 ; to BCCD</subfield>
  </datafield>
  <datafield tag="010" ind1=" " ind2=" ">
    <subfield code="a">  2016479258</subfield>
  </datafield>
  <datafield tag="020" ind1=" " ind2=" ">
    <subfield code="a">9780878398119 (pbk.)</subfield>
  </datafield>
  <datafield tag="020" ind1=" " ind2=" ">
    <subfield code="a">0878398112 (pbk.)</subfield>
  </datafield>
  <datafield tag="035" ind1=" " ind2=" ">
    <subfield code="a">(OCoLC)ocn900016798</subfield>
  </datafield>
  <datafield tag="040" ind1=" " ind2=" ">
    <subfield code="a">YDXCP</subfield>
    <subfield code="b">eng</subfield>
    <subfield code="c">DLC</subfield>
    <subfield code="e">rda</subfield>
    <subfield code="d">BTCTA</subfield>
    <subfield code="d">MND</subfield>
    <subfield code="d">OCLCF</subfield>
    <subfield code="d">KRL</subfield>
    <subfield code="d">DUD</subfield>
    <subfield code="d">ROC</subfield>
    <subfield code="d">YDXCP</subfield>
    <subfield code="d">OCLCQ</subfield>
    <subfield code="d">DLC</subfield>
  </datafield>
  <datafield tag="042" ind1=" " ind2=" ">
    <subfield code="a">lccopycat</subfield>
  </datafield>
  <datafield tag="043" ind1=" " ind2=" ">
    <subfield code="a">n-us-mn</subfield>
  </datafield>
  <datafield tag="050" ind1="0" ind2="0">
    <subfield code="a">GV191.67.W5</subfield>
    <subfield code="b">P76 2015</subfield>
  </datafield>
  <datafield tag="082" ind1="0" ind2="4">
    <subfield code="a">508</subfield>
  </datafield>
  <datafield tag="100" ind1="1" ind2=" ">
    <subfield code="a">Proescholdt, Kevin.</subfield>
  </datafield>
  <datafield tag="245" ind1="1" ind2="0">
    <subfield code="a">Glimpses of wilderness /</subfield>
    <subfield code="c">by Kevin Proescholdt.</subfield>
  </datafield>
  <datafield tag="250" ind1=" " ind2=" ">
    <subfield code="a">First edition.</subfield>
  </datafield>
  <datafield tag="264" ind1=" " ind2="1">
    <subfield code="a">St. Cloud, Minnesota :</subfield>
    <subfield code="b">North Star Press Of St Cloud, Inc.,</subfield>
    <subfield code="c">[2015]</subfield>
  </datafield>
  <datafield tag="264" ind1=" " ind2="4">
    <subfield code="c">©2015</subfield>
  </datafield>
  <datafield tag="300" ind1=" " ind2=" ">
    <subfield code="a">viii, 110 pages :</subfield>
    <subfield code="b">illustrations ;</subfield>
    <subfield code="c">23 cm</subfield>
  </datafield>
  <datafield tag="336" ind1=" " ind2=" ">
    <subfield code="a">text</subfield>
    <subfield code="b">txt</subfield>
    <subfield code="2">rdacontent</subfield>
  </datafield>
  <datafield tag="337" ind1=" " ind2=" ">
    <subfield code="a">unmediated</subfield>
    <subfield code="b">n</subfield>
    <subfield code="2">rdamedia</subfield>
  </datafield>
  <datafield tag="338" ind1=" " ind2=" ">
    <subfield code="a">volume</subfield>
    <subfield code="b">nc</subfield>
    <subfield code="2">rdacarrier</subfield>
  </datafield>
  <datafield tag="520" ind1=" " ind2=" ">
    <subfield code="a">&quot;Glimpses of Wilderness shares the author&apos;s insights into the nature and value of wilderness areas. Set in Minnesota&apos;s Boundary Waters Canoe Area Wilderness, each of the thirty essays describes an adventure drawn from the author&apos;s wealth of experiences in the area, and the glimpse into the character of wilderness that it provides. Though set in Minnesota&apos;s canoe country wilderness, the perceptions and insights offered in Glimpses of Wilderness also pertain to all wildernesses across the country.&quot;--Publisher&apos;s website.</subfield>
  </datafield>
  <datafield tag="505" ind1="0" ind2=" ">
    <subfield code="a">Glimpses of wilderness -- Wilderness magic -- Gabbling of geese -- Opening the canoe country -- Wind-borne -- The caribou and the whitetail -- Broad-wing -- Arctic cold -- Denizen of the depths -- The encounter -- The portage -- Late winter thunder -- Vistas -- Winter renewal -- In search of remoteness -- The scramble -- Deep in the heart of Quetico -- The exploration of unnamed creek -- Images of autumn -- Timelessness -- The light show -- Awakenings at dawn -- Wind and fire -- Care of wilderness -- Bud&apos;s fires -- Musings of a pringtime solo -- Snowshoe mission -- The mists of Brule Lake -- Faint rails and fading light -- Wilderness trail.</subfield>
  </datafield>
  <datafield tag="651" ind1=" " ind2="0">
    <subfield code="a">Boundary Waters Canoe Area (Minn.)</subfield>
  </datafield>
  <datafield tag="650" ind1=" " ind2="0">
    <subfield code="a">Wilderness area users</subfield>
    <subfield code="v">Biography.</subfield>
  </datafield>
  <datafield tag="650" ind1=" " ind2="0">
    <subfield code="a">Canoes and canoeing.</subfield>
  </datafield>
  <datafield tag="650" ind1=" " ind2="0">
    <subfield code="a">Canoe camping.</subfield>
  </datafield>
  <datafield tag="650" ind1=" " ind2="7">
    <subfield code="a">Canoe camping.</subfield>
    <subfield code="2">fast</subfield>
    <subfield code="0">(OCoLC)fst00845871</subfield>
  </datafield>
  <datafield tag="650" ind1=" " ind2="7">
    <subfield code="a">Canoes and canoeing.</subfield>
    <subfield code="2">fast</subfield>
    <subfield code="0">(OCoLC)fst00845880</subfield>
  </datafield>
  <datafield tag="650" ind1=" " ind2="7">
    <subfield code="a">Wilderness area users.</subfield>
    <subfield code="2">fast</subfield>
    <subfield code="0">(OCoLC)fst01175161</subfield>
  </datafield>
  <datafield tag="651" ind1=" " ind2="7">
    <subfield code="a">Minnesota</subfield>
    <subfield code="z">Boundary Waters Canoe Area.</subfield>
    <subfield code="2">fast</subfield>
    <subfield code="0">(OCoLC)fst01243233</subfield>
  </datafield>
  <datafield tag="655" ind1=" " ind2="7">
    <subfield code="a">Biography.</subfield>
    <subfield code="2">fast</subfield>
    <subfield code="0">(OCoLC)fst01423686</subfield>
  </datafield>
</record>