
<record>
  <leader>01895cam a22003017i 4500</leader>
  <controlfield tag="001">19385829</controlfield>
  <controlfield tag="005">20200103150910.0</controlfield>
  <controlfield tag="008">161118s2016    be a          000 0 dut  </controlfield>
  <datafield tag="906" ind1=" " ind2=" ">
    <subfield code="a">7</subfield>
    <subfield code="b">cbc</subfield>
    <subfield code="c">origres</subfield>
    <subfield code="d">3</subfield>
    <subfield code="e">ncip</subfield>
    <subfield code="f">20</subfield>
    <subfield code="g">y-gencatlg</subfield>
  </datafield>
  <datafield tag="925" ind1="0" ind2=" ">
    <subfield code="a">acquire</subfield>
    <subfield code="b">1 shelf copy</subfield>
    <subfield code="x">policy default</subfield>
  </datafield>
  <datafield tag="955" ind1=" " ind2=" ">
    <subfield code="b">BD25 2017-02-13</subfield>
    <subfield code="b">bc12 2018-06-05 z-processor (telework)</subfield>
    <subfield code="i">bc12 2018-06-25 (telework) (overtime)</subfield>
    <subfield code="e">bc12 2018-06-28 to BCCD (ABAchecked &amp; Labeled)</subfield>
  </datafield>
  <datafield tag="010" ind1=" " ind2=" ">
    <subfield code="a">  2016510097</subfield>
  </datafield>
  <datafield tag="020" ind1=" " ind2=" ">
    <subfield code="a">9789463102087</subfield>
    <subfield code="q">(paperback)</subfield>
  </datafield>
  <datafield tag="020" ind1=" " ind2=" ">
    <subfield code="a">9463102086</subfield>
    <subfield code="q">(paperback)</subfield>
  </datafield>
  <datafield tag="040" ind1=" " ind2=" ">
    <subfield code="a">DLC</subfield>
    <subfield code="b">eng</subfield>
    <subfield code="e">rda</subfield>
    <subfield code="c">DLC</subfield>
  </datafield>
  <datafield tag="050" ind1="0" ind2="0">
    <subfield code="a">PT6050</subfield>
    <subfield code="b">.B37 2016</subfield>
  </datafield>
  <datafield tag="100" ind1="1" ind2=" ">
    <subfield code="a">Barnard, Benno,</subfield>
    <subfield code="d">1954-</subfield>
    <subfield code="e">author.</subfield>
  </datafield>
  <datafield tag="245" ind1="1" ind2="0">
    <subfield code="a">Escaut! Escaut! :</subfield>
    <subfield code="b">Franstalige Vlaamse schrijvers rond 1900 : naglans van een dode wereld /</subfield>
    <subfield code="c">Benno Barnard ; met foto&apos;s van Nicolas Maeterlinck.</subfield>
  </datafield>
  <datafield tag="264" ind1=" " ind2="1">
    <subfield code="a">Kalmthout, België :</subfield>
    <subfield code="b">Polis</subfield>
    <subfield code="c">2016.</subfield>
  </datafield>
  <datafield tag="300" ind1=" " ind2=" ">
    <subfield code="a">111 pages, 16 unnumbered pages of plates :</subfield>
    <subfield code="b">illustrations ;</subfield>
    <subfield code="c">23 cm</subfield>
  </datafield>
  <datafield tag="336" ind1=" " ind2=" ">
    <subfield code="a">text</subfield>
    <subfield code="b">txt</subfield>
    <subfield code="2">rdacontent</subfield>
  </datafield>
  <datafield tag="337" ind1=" " ind2=" ">
    <subfield code="a">unmediated</subfield>
    <subfield code="b">n</subfield>
    <subfield code="2">rdamedia</subfield>
  </datafield>
  <datafield tag="338" ind1=" " ind2=" ">
    <subfield code="a">volume</subfield>
    <subfield code="b">nc</subfield>
    <subfield code="2">rdacarrier</subfield>
  </datafield>
  <datafield tag="500" ind1=" " ind2=" ">
    <subfield code="a">Exhibition: Letterenhuis Museum, Antwerpen, Belgium (16.09.2016-29.01.2017).</subfield>
  </datafield>
  <datafield tag="504" ind1=" " ind2=" ">
    <subfield code="a">Includes bibliographical references.</subfield>
  </datafield>
  <datafield tag="520" ind1="8" ind2=" ">
    <subfield code="a">Met de tentoonstelling Escaut! Escaut! bewijst het Letterenhuis dit najaar eer aan vijf Franstalige Vlaamse schrijvers: de dichter Emile Verhaeren - honderd jaar geleden overleden - en vier van zijn tijdgenoten Georges Eekhoud, Max Elskamp, Georges Rodenbach en Maurice Maeterlinck. De auteurs werden geboren tussen 1855 en 1865 in een stad of dorp aan de Schelde. En ze schreven ook allemaal over de illustere stroom. Schilderijen zoals een weinig bekend portret van Verhaeren door Theo Van Rysselberghe en fraaie borstbeelden roepen de auteurs op. Verder zijn er indringende beelden van Vlaamse steden omstreeks 1870.</subfield>
  </datafield>
  <datafield tag="923" ind1=" " ind2=" ">
    <subfield code="d">20161118</subfield>
    <subfield code="n">60037904</subfield>
    <subfield code="s">Erasmus</subfield>
  </datafield>
  <datafield tag="985" ind1=" " ind2=" ">
    <subfield code="e">VENDOR LOAD</subfield>
  </datafield>
</record>