
<record>
  <leader>02032cam a22003377i 4500</leader>
  <controlfield tag="001">19385859</controlfield>
  <controlfield tag="005">20200103150910.0</controlfield>
  <controlfield tag="008">161118s2016    be a     b    001 0 dut  </controlfield>
  <datafield tag="906" ind1=" " ind2=" ">
    <subfield code="a">7</subfield>
    <subfield code="b">cbc</subfield>
    <subfield code="c">origres</subfield>
    <subfield code="d">3</subfield>
    <subfield code="e">ncip</subfield>
    <subfield code="f">20</subfield>
    <subfield code="g">y-gencatlg</subfield>
  </datafield>
  <datafield tag="925" ind1="0" ind2=" ">
    <subfield code="a">acquire</subfield>
    <subfield code="b">1 shelf copy</subfield>
    <subfield code="x">policy default</subfield>
  </datafield>
  <datafield tag="955" ind1=" " ind2=" ">
    <subfield code="b">bc12 2018-06-13 z-processor (telework)</subfield>
    <subfield code="i">bc12 2018-07-18 (telework) (overtime)</subfield>
    <subfield code="a">ti38 2018-07-25</subfield>
  </datafield>
  <datafield tag="955" ind1=" " ind2=" ">
    <subfield code="b">BD25 2017-03-16</subfield>
  </datafield>
  <datafield tag="010" ind1=" " ind2=" ">
    <subfield code="a">  2016521272</subfield>
  </datafield>
  <datafield tag="020" ind1=" " ind2=" ">
    <subfield code="a">9789462927452</subfield>
  </datafield>
  <datafield tag="020" ind1=" " ind2=" ">
    <subfield code="a">9462927456</subfield>
  </datafield>
  <datafield tag="040" ind1=" " ind2=" ">
    <subfield code="a">DLC</subfield>
    <subfield code="b">eng</subfield>
    <subfield code="e">rda</subfield>
    <subfield code="c">DLC</subfield>
  </datafield>
  <datafield tag="043" ind1=" " ind2=" ">
    <subfield code="a">e-be---</subfield>
  </datafield>
  <datafield tag="050" ind1="0" ind2="0">
    <subfield code="a">P92.B4</subfield>
    <subfield code="b">C6664 2016</subfield>
  </datafield>
  <datafield tag="100" ind1="1" ind2=" ">
    <subfield code="a">Cool, Ina,</subfield>
    <subfield code="e">author.</subfield>
  </datafield>
  <datafield tag="245" ind1="1" ind2="0">
    <subfield code="a">Media onder de loep :</subfield>
    <subfield code="b">analyse van de Belgische massamedia /</subfield>
    <subfield code="c">Ina Cool &amp; Katheline De Lembre.</subfield>
  </datafield>
  <datafield tag="264" ind1=" " ind2="1">
    <subfield code="a">Leuven ;</subfield>
    <subfield code="a">Den Haag :</subfield>
    <subfield code="b">Acco ;</subfield>
    <subfield code="c">2016.</subfield>
  </datafield>
  <datafield tag="300" ind1=" " ind2=" ">
    <subfield code="a">278 pages :</subfield>
    <subfield code="b">illustrations ;</subfield>
    <subfield code="c">25 cm</subfield>
  </datafield>
  <datafield tag="336" ind1=" " ind2=" ">
    <subfield code="a">text</subfield>
    <subfield code="b">txt</subfield>
    <subfield code="2">rdacontent</subfield>
  </datafield>
  <datafield tag="337" ind1=" " ind2=" ">
    <subfield code="a">unmediated</subfield>
    <subfield code="b">n</subfield>
    <subfield code="2">rdamedia</subfield>
  </datafield>
  <datafield tag="338" ind1=" " ind2=" ">
    <subfield code="a">volume</subfield>
    <subfield code="b">nc</subfield>
    <subfield code="2">rdacarrier</subfield>
  </datafield>
  <datafield tag="504" ind1=" " ind2=" ">
    <subfield code="a">Includes bibliographical references and index.</subfield>
  </datafield>
  <datafield tag="520" ind1="8" ind2=" ">
    <subfield code="a">Media, raak er tegenwoordig maar wijs uit! Het Belgische medialandschap is steeds in beweging. Spelers komen en gaan. Ze veranderen van naam of eigenaar. Trends, zoals crossmedialiteit en convergentie, zorgen ervoor dat traditionele media opgaan in een ruimer, vaak complex medialandschap. Voor de communicatie-, reclame- en journalistieke sector is het nochtans belangrijk om bij te blijven. Het handboek &apos;Media onder de loep&apos; schept orde in de chaos en biedt een actueel en degelijk overzicht van de Belgische mediasector voor elke (toekomstige) communicatie- en mediaprofessional. Bij de overzichtelijke informatie in het handboek hoort uitgebreide digitale ondersteuning op het online leerplatform &apos;Sofia&apos;. Je vindt er recente evoluties, extra voorbeelden, boeiende cases, aanvullende opdrachten, (examen)vragen met voorbeeldantwoorden en kritische doordenkers.</subfield>
  </datafield>
  <datafield tag="650" ind1=" " ind2="0">
    <subfield code="a">Mass media</subfield>
    <subfield code="z">Belgium.</subfield>
  </datafield>
  <datafield tag="700" ind1="1" ind2=" ">
    <subfield code="a">Lembre, Katheline de,</subfield>
    <subfield code="e">author.</subfield>
  </datafield>
  <datafield tag="923" ind1=" " ind2=" ">
    <subfield code="d">20161118</subfield>
    <subfield code="n">60037905</subfield>
    <subfield code="s">Eraasmus</subfield>
  </datafield>
  <datafield tag="985" ind1=" " ind2=" ">
    <subfield code="e">VENDOR LOAD</subfield>
  </datafield>
</record>