
<record>
  <leader>02122cam a22003617i 4500</leader>
  <controlfield tag="001">19385897</controlfield>
  <controlfield tag="005">20200103150910.0</controlfield>
  <controlfield tag="008">161118s2016    be            001 0 dut  </controlfield>
  <datafield tag="906" ind1=" " ind2=" ">
    <subfield code="a">7</subfield>
    <subfield code="b">cbc</subfield>
    <subfield code="c">origres</subfield>
    <subfield code="d">3</subfield>
    <subfield code="e">ncip</subfield>
    <subfield code="f">20</subfield>
    <subfield code="g">y-gencatlg</subfield>
  </datafield>
  <datafield tag="925" ind1="0" ind2=" ">
    <subfield code="a">acquire</subfield>
    <subfield code="b">1 shelf copy</subfield>
    <subfield code="x">policy default</subfield>
  </datafield>
  <datafield tag="955" ind1=" " ind2=" ">
    <subfield code="b">BD25 2017-03-16</subfield>
    <subfield code="b">bc12 2018-06-18 z-processor (telework)</subfield>
    <subfield code="b">bc12 2018-07-23 (telework) (overtime)</subfield>
    <subfield code="a">ti38 2018-07-25</subfield>
  </datafield>
  <datafield tag="010" ind1=" " ind2=" ">
    <subfield code="a">  2016521302</subfield>
  </datafield>
  <datafield tag="020" ind1=" " ind2=" ">
    <subfield code="a">9789076297620</subfield>
  </datafield>
  <datafield tag="020" ind1=" " ind2=" ">
    <subfield code="a">9076297622</subfield>
  </datafield>
  <datafield tag="040" ind1=" " ind2=" ">
    <subfield code="a">DLC</subfield>
    <subfield code="b">eng</subfield>
    <subfield code="e">rda</subfield>
    <subfield code="c">DLC</subfield>
  </datafield>
  <datafield tag="050" ind1="0" ind2="0">
    <subfield code="a">BX4700.I3</subfield>
    <subfield code="b">V36 2016</subfield>
  </datafield>
  <datafield tag="100" ind1="1" ind2=" ">
    <subfield code="a">Vanclooster, Dirk,</subfield>
    <subfield code="e">author.</subfield>
  </datafield>
  <datafield tag="245" ind1="1" ind2="0">
    <subfield code="a">Idesbald :</subfield>
    <subfield code="b">begraven &amp; gedenken in de Duinenabdij /</subfield>
    <subfield code="c">Dirk Vanclooster, Jan Van Acker; Alexander Lehouck.</subfield>
  </datafield>
  <datafield tag="264" ind1=" " ind2="1">
    <subfield code="a">Brugge :</subfield>
    <subfield code="b">Uitgeverij Van de Wiele,</subfield>
    <subfield code="c">[2016]</subfield>
  </datafield>
  <datafield tag="264" ind1=" " ind2="4">
    <subfield code="a">©2016.</subfield>
  </datafield>
  <datafield tag="300" ind1=" " ind2=" ">
    <subfield code="a">96 pages :</subfield>
    <subfield code="b">illustrations ;</subfield>
    <subfield code="c">27 cm</subfield>
  </datafield>
  <datafield tag="336" ind1=" " ind2=" ">
    <subfield code="a">text</subfield>
    <subfield code="b">txt</subfield>
    <subfield code="2">rdacontent</subfield>
  </datafield>
  <datafield tag="336" ind1=" " ind2=" ">
    <subfield code="a">still image</subfield>
    <subfield code="b">sti</subfield>
    <subfield code="2">rdacontent</subfield>
  </datafield>
  <datafield tag="337" ind1=" " ind2=" ">
    <subfield code="a">unmediated</subfield>
    <subfield code="b">n</subfield>
    <subfield code="2">rdamedia</subfield>
  </datafield>
  <datafield tag="338" ind1=" " ind2=" ">
    <subfield code="a">volume</subfield>
    <subfield code="b">nc</subfield>
    <subfield code="2">rdacarrier</subfield>
  </datafield>
  <datafield tag="520" ind1="8" ind2=" ">
    <subfield code="a">De dood heeft mensen steeds gefascineerd. Is bij het overlijden alles voorgoed voorbij? Of is er een leven over de dood heen? Religies plaatsen het leven in perspectief. Ook het christelijk geloof biedt een uitweg. In de middeleeuwen was de mens ervan overtuigd dat de heilzame kracht van relieken of de eeuwige gebeden van de monniken het hemelse leven binnen handbereik brachten. Op de site van de Duinenabdij te Koksijde, een van de grootste cisterciënzerabdijen van de Lage Landen, zijn meer dan 1000 stoffelijke resten opgegraven: abten, monniken en leken, mannen, vrouwen en kinderen. Ze leren ons hoe onze voorouders het sterven ervaarden en werden begraven. Hoe zij met het oog op het hemelse voortbestaan bij leven hun dood organiseerden en de doden gedenken.</subfield>
  </datafield>
  <datafield tag="504" ind1=" " ind2=" ">
    <subfield code="a">Includes bibliographical references and index.</subfield>
  </datafield>
  <datafield tag="610" ind1="2" ind2="0">
    <subfield code="a">Abbaye des Dunes (Bruges, Belgium)</subfield>
  </datafield>
  <datafield tag="600" ind1="0" ind2="0">
    <subfield code="a">Idesbaldus van der Gracht,</subfield>
    <subfield code="c">Saint,</subfield>
    <subfield code="d">approximately 1100-1167.</subfield>
  </datafield>
  <datafield tag="700" ind1="1" ind2=" ">
    <subfield code="a">Van Acker, Jan,</subfield>
    <subfield code="e">author.</subfield>
  </datafield>
  <datafield tag="700" ind1="1" ind2=" ">
    <subfield code="a">Lehouck, Alexander,</subfield>
    <subfield code="e">author.</subfield>
  </datafield>
  <datafield tag="923" ind1=" " ind2=" ">
    <subfield code="d">20161118</subfield>
    <subfield code="n">60037908</subfield>
    <subfield code="s">Erasmus</subfield>
  </datafield>
  <datafield tag="985" ind1=" " ind2=" ">
    <subfield code="e">VENDOR LOAD</subfield>
  </datafield>
</record>