
<record>
  <leader>02648cam a22003617i 4500</leader>
  <controlfield tag="001">19385944</controlfield>
  <controlfield tag="005">20200103150911.0</controlfield>
  <controlfield tag="008">161108e201605  cl a     b    000 0 spa c</controlfield>
  <datafield tag="906" ind1=" " ind2=" ">
    <subfield code="a">7</subfield>
    <subfield code="b">cbc</subfield>
    <subfield code="c">pccadap</subfield>
    <subfield code="d">2</subfield>
    <subfield code="e">ncip</subfield>
    <subfield code="f">20</subfield>
    <subfield code="g">y-gencatlg</subfield>
  </datafield>
  <datafield tag="925" ind1="0" ind2=" ">
    <subfield code="a">acquire</subfield>
    <subfield code="b">1 shelf copy</subfield>
    <subfield code="x">policy default</subfield>
  </datafield>
  <datafield tag="955" ind1=" " ind2=" ">
    <subfield code="b">bg12 2017-01-26 to ALAWE/SA</subfield>
    <subfield code="b">bc12 2017-03-09 z-processor</subfield>
    <subfield code="d">bc12 2017-03-09</subfield>
  </datafield>
  <datafield tag="010" ind1=" " ind2=" ">
    <subfield code="a">  2016445970</subfield>
  </datafield>
  <datafield tag="020" ind1=" " ind2=" ">
    <subfield code="a">9789560102911</subfield>
  </datafield>
  <datafield tag="020" ind1=" " ind2=" ">
    <subfield code="a">9560102915</subfield>
  </datafield>
  <datafield tag="035" ind1=" " ind2=" ">
    <subfield code="a">(OCoLC)ocn958852145</subfield>
  </datafield>
  <datafield tag="040" ind1=" " ind2=" ">
    <subfield code="a">STF</subfield>
    <subfield code="b">eng</subfield>
    <subfield code="c">STF</subfield>
    <subfield code="e">rda</subfield>
    <subfield code="d">OCLCF</subfield>
    <subfield code="d">DLC</subfield>
  </datafield>
  <datafield tag="043" ind1=" " ind2=" ">
    <subfield code="a">cl-----</subfield>
  </datafield>
  <datafield tag="050" ind1="0" ind2="0">
    <subfield code="a">JL960</subfield>
    <subfield code="b">.E875 2016</subfield>
  </datafield>
  <datafield tag="245" ind1="0" ind2="0">
    <subfield code="a">Estados autoritarios latinoamericanos (ayer, hoy y proyecciones) /</subfield>
    <subfield code="c">Jorge Olguín Olate (coordinador).</subfield>
  </datafield>
  <datafield tag="250" ind1=" " ind2=" ">
    <subfield code="a">Primera edición.</subfield>
  </datafield>
  <datafield tag="264" ind1=" " ind2="1">
    <subfield code="a">Santiago de Chile :</subfield>
    <subfield code="b">Universidad Central :</subfield>
    <subfield code="b">RiL Editores,</subfield>
    <subfield code="c">mayo de 2016.</subfield>
  </datafield>
  <datafield tag="300" ind1=" " ind2=" ">
    <subfield code="a">230 pages :</subfield>
    <subfield code="b">illustrations ;</subfield>
    <subfield code="c">23 cm.</subfield>
  </datafield>
  <datafield tag="336" ind1=" " ind2=" ">
    <subfield code="a">text</subfield>
    <subfield code="2">rdacontent</subfield>
  </datafield>
  <datafield tag="337" ind1=" " ind2=" ">
    <subfield code="a">unmediated</subfield>
    <subfield code="2">rdamedia</subfield>
  </datafield>
  <datafield tag="338" ind1=" " ind2=" ">
    <subfield code="a">volume</subfield>
    <subfield code="2">rdacarrier</subfield>
  </datafield>
  <datafield tag="490" ind1="0" ind2=" ">
    <subfield code="a">Colección Gobierno y asuntos públicos</subfield>
  </datafield>
  <datafield tag="504" ind1=" " ind2=" ">
    <subfield code="a">Includes bibliographical references.</subfield>
  </datafield>
  <datafield tag="505" ind1="0" ind2=" ">
    <subfield code="a">La transición política en Jalisco : ¿democraduras, estancamiento democrático o regresiones autoritarias en al ámbito subnacional mexicano? / Alberto Arellano Ríos -- ¿Misión cumplida? : el Ejército de Chile y los enclaves autoritarios en la transición, 1990-1998 / Felipe Seguel Rojas -- El síndrome del tirano silencioso : del estado fantasma al autoritarismo extractivista local : estudio de caso : el Meta, Colombia / Miguel Gomis Balestreri, Johanna Amaya Panche y Mauricio Romero Vidal -- Violencia e izquierda armada en la posdictadura boliviana : entre el autoritarismo y la democratización, 1982-1990 / Macarena A. Orellana Caperochipi -- De juicios previos y elecciones posteriores en las que &quot;ganan los malos&quot; : una lectura de la destitución de Fernando Lugo Méndez en 2012 y las elecciones presidenciales de 2013 en Paraguay / Magdalena López -- ¿Autoritarismo subnacional? : consideraciones en torno a la democracia y al ejercicio del poder a nivel subnacional en estados federales : aproximación a los casos de Argentina y México / Marisol Mancini -- Estado, autoritarismo y funcionamiento institucional : la democracia sin partidos del Perú (2006-2011) / Ignacio García Marín y Sara Eichert -- Educador : entre la democracia y el autoritarismo / Sebastián Umpierrez de Reguero.</subfield>
  </datafield>
  <datafield tag="650" ind1=" " ind2="0">
    <subfield code="a">Authoritarianism</subfield>
    <subfield code="z">Latin America.</subfield>
  </datafield>
  <datafield tag="651" ind1=" " ind2="0">
    <subfield code="a">Latin America</subfield>
    <subfield code="x">Politics and government</subfield>
    <subfield code="y">1980-</subfield>
  </datafield>
  <datafield tag="700" ind1="1" ind2=" ">
    <subfield code="a">Olguín Olate, Jorge,</subfield>
    <subfield code="e">editor.</subfield>
  </datafield>
  <datafield tag="923" ind1=" " ind2=" ">
    <subfield code="d">20161108</subfield>
    <subfield code="n">-1150</subfield>
    <subfield code="s">PE-LiEIC</subfield>
  </datafield>
  <datafield tag="985" ind1=" " ind2=" ">
    <subfield code="e">VENDOR LOAD</subfield>
  </datafield>
</record>